/home/frieder/Dokumente/artikel/Zotero/autoexport.bib