@misc{carrion2010,
  author = {Daniel Carrion},
  title = {Estimation of the energetic rehabilitation state of buildings for the city of Berlin using a 3D city model represented in CityGML},
  year = {2010},
  note = {Unpublished master thesis, Technical University Berlin, Germany}
  }

@BOOK{Wagner2010,
  AUTHOR       = "Wagner, Andreas",
  TITLE        = "Photovoltaik Engineering - Handbuch fuer Plannung Entwicklung und Anwendung",
  PUBLISHER    = "Springer Verlag",
  YEAR         = "3vol, 2010",
  ADDRESS      = "Heidelberg"
}




@MISC{solaratlas,
	howpublished = {\url{http://www.businesslocationcenter.de/imperia/md/content/3d/solaratlas/datendokumentation.pdf}},
	author = "SimuPLAN",
	title = "{Solarpotentialanalyse Berlin - Datendokumentation}",
	year = "2011"
}

@MISC{struckmann2008,
	howpublished = {\url{http://www.lth.se/fileadmin/ht/Kurser/MVK160/Project_08/Fabio.pdf}},
	author = "Struckmann, Fabio",
	title = "{Analysis of a Flat-plate Solar Collector}",
	year = "2008"
}
@MISC{sunmaxx,
	howpublished = {\url{http://www.sunmaxxsolar.com/SunMaxx-TitanPower-AL2DH-Flat-Plate-Solar-Collector-Data-Sheet}},
	author = "SunMaxxSolar",
	title = "{PRODUCT DATA SHEET - TitanPower-AL2DH Flat Plate Collector}",
	year = "2010"
}
@MISC{BPSolar,
	howpublished = {\url{http://www.posharp.com/Businesses/daacacf6-2fa0-4fe2-b6f5-30211a36989a/Panel/BP585F.pdf}},
	author = "BP Solar",
	title = "{PRODUCT DATA SHEET - BP 585F photovoltaic cell}",
	year = "2010"
}
@MISC{SunPower,
	howpublished = {\url{http://www.ecaa.ntu.edu.tw/weifang/eBook/heat%20pump/HP%20for%20desalination/Solar%20thermal%20collectors%20and%20applications.pdf}},
	author = "SunPower",
	title = "{PRODUCT DATA SHEET - SP 2500-450 inverter}",
	year = "2004"
}
@MISC{Kalogirou,
	howpublished = {\url{http://fft.szie.hu/10kW/web/pvenl19_system_elemei/Sun%20Profi%20PV%20String%20Inverter%20%5BEnglish%5D.PDF}},
	author = "Soteris A. Kalogirou",
	title = "{Solar thermal collectors and applications}",
	year = "2004"
}

@MISC{costa2012,
  author = "Costa, F.C.",
  title = "Estimation of Electrical Power Consumption Using 3D City Models on Building/Neighborhood Scale.",
  year = "2012",
  note = "Unpublished report - GIS-Seminar, Technical University Berlin, Germany"
  }

@misc{statsberlin,
  author = "Amt f√ºr Statistik Berlin-Brandenburg",
  title = "Ergebisse des Mikrozensus im Land Berlin 2011.",
  year = "2012"
  }  


